@article {Dictionary2017,
    title = {Dictionary.com Unabridged},
    month = {4},
    day = {10},
    year = {2017},
    url = {\url{http://www.dictionary.com/browse/virtual--reality}},
}

@article{SegaVR2004,
    title = {Sega VR: Great Idea or Wishful Thinking?},
    month = {12},
    day = {28},
    year = {2004},
    url = {\url{https://web.archive.org/web/20100114191355/http://sega-16.com/feature_page.php?id=5&title=Sega\%20VR:\%20Great\%20Idea\%20or\%20Wishful\%20Thinking?}},
}

@online{steamVRFAQ,
    title = {SteamVR Support},
    year = {2015},
    url = {\url{https://support.steampowered.com/kb_article.php?ref=5254-FJKZ-7829}}
}

@online{viveCost,
    title = {Buy HTC Vive},
    year = {2017},
    url = {\url{https://www.vive.com/uk/product/}},
    note = {Accessed: 2017-04-26}
}

@article{openVRAnnouncement,
    title = {Khronos Announces VR Standards Initiative},
    month = {12},
    day = {6},
    year = {2016},
    url = {\url{https://www.khronos.org/news/press/khronos-announces-vr-standards-initiative}}
}

@online{osvrAbout,
    title = {OSVR - Open-Source Virtual Reality for Gaming},
    year = {2016},
    url = {\url{http://www.osvr.org/what-is-osvr.html}}
}

@article{LighthouseAnalysis2016,
    title = {Analysis of Valve’s `Lighthouse' Tracking System Reveals Accuracy},
    month = {7},
    day = {17},
    year = {2016},
    url = {\url{http://www.roadtovr.com/analysis-of-valves-lighthouse-tracking-system-reveals-accuracy/}}
}

@article{LaViola:2000:DCV:333329.333344,
    author = {LaViola,Jr., Joseph J.},
    title = {A Discussion of Cybersickness in Virtual Environments},
    journal = {SIGCHI Bull.},
    issue_date = {Jan. 2000},
    volume = {32},
    number = {1},
    month = jan,
    year = {2000},
    issn = {0736-6906},
    pages = {47--56},
    numpages = {10},
    url = {http://doi.acm.org/10.1145/333329.333344},
    doi = {10.1145/333329.333344},
    acmid = {333344},
    publisher = {ACM},
    address = {New York, NY, USA},
}

@article{ortiz2014treatment,
  title={Treatment of phantom limb pain (PLP) based on augmented reality and gaming controlled by myoelectric pattern recognition: a case study of a chronic PLP patient},
  author={Ortiz-Catalan, Max and Sander, Nichlas and Kristoffersen, Morten B and H{\aa}kansson, Bo and Br{\aa}nemark, Rickard},
  journal={Frontiers in Neuroscience},
  volume={8},
  pages={24},
  year={2014},
  publisher={Frontiers}
}

@article{VrWelding2014,
    title = {Using virtual reality welding to evaluate and train welders},
    month = {3},
    day = {18},
    year = {2014},
    url = {\url{http://www.thefabricator.com/article/arcwelding/using-virtual-reality-welding-to-evaluate-and-train-welders}}
}

@article{HciDefinition2017,
    title = {Introduction to HCI},
    month = {4},
    day = {10},
    year = {2017},
    url = {\url{https://www.cs.bham.ac.uk/~rxb/Teaching/HCI\%20II/intro.html}}
}

@online{rally,
  title = {Rally},
  author = {CA Technologies},
  year = {2016},
  url = {https://rally1.rallydev.com/}
}

@online{unity:assetbundle,
    title = {AssetBundles},
    year = {2017},
    author = {Unity Technologies},
    url = {https://docs.unity3d.com/Manual/AssetBundlesIntro.html}
}

@online{unity:serialization,
    title = {Script Serialization},
    year = {2017},
    url = {https://docs.unity3d.com/Manual/script-Serialization.html},
    author = {Unity Technologies}
}
    
@online{unity:terms,
    title = {Asset Store Terms of Service and EULA},
    year = {2016},
    month = {11},
    day = {1},
    url = {https://unity3d.com/legal/as_terms},
    author = {Unity Technologies}
}

@article{sherman2003,
  title={Understanding Virtual Reality—Interface, Application, and Design},
  author={Sherman, William R and Craig, Alan B},
  journal={Presence},
  volume={12},
  number={4},
  pages={441--442},
  year={2003},
  publisher={MITP}
}

@online{viveRequirements,
    title = {HTC Vive Recommended Computer Specs},
    year = {2017},
    url = {\url{https://www.vive.com/uk/ready/}},
    note = {Accessed: 2017-04-23}
}

@article{facebook2017,
    title = {Facebooks tvision of the future is horribly antisocial},
    author = {James Titcomb},
    journal = {The Telegraph},
    month = {4},
    day = {19},
    year = {2017},
    url = {http://www.telegraph.co.uk/technology/2017/04/19/facebooks-vision-future-horribly-antisocial/}
}

@article{atwal2014,
  title={Occupational therapists’ views on using a virtual reality interior design application within the pre-discharge home visit process},
  author={Atwal, Anita and Money, Arthur and Harvey, Michele},
  journal={Journal of medical Internet research},
  volume={16},
  number={12},
  pages={e283},
  year={2014},
  publisher={JMIR Publications Inc., Toronto, Canada}
}

@inproceedings{chellali2013,
  title={VR4D: An immersive and collaborative experience to improve the interior design process},
  author={Chellali, Amine and Jourdan, Frederic and Dumas, C{\'e}dric},
  booktitle={5th Joint Virtual Reality Conference of EGVE and EuroVR, JVRC 2013},
  pages={61--65},
  year={2013}
}

@book{martin2003agile,
  title={Agile software development: principles, patterns, and practices},
  author={Martin, Robert Cecil},
  year={2003},
  publisher={Prentice Hall PTR}
}

@misc{occulus_health_and_safety,
    author = {Occulus},
    title = {Health and Safety},
    howpublished = {\url{https://static.oculus.com/documents/310-30023-01_Rift_HealthSafety_English.pdf}},
    note = {Online; accessed 24th October 2016},
    year = 2016
}

@misc{google_tiltbrush,
    author = {{Google}},
    title = {{Introducing Tilt Brush}},
    url = {https://www.tiltbrush.com/},
    note = {Online; accessed 26th April 2017},
    year = 2016
}

@misc{autodesk_interns_youtube,
    title = {{Autodesk Summer Interns: Design in Virtual Reality}},
    author = {{Ethan Arnowitz and Phan Lee and John Scheeler and Dave Yan}},
    url = {https://www.youtube.com/watch?v=xUZXFbeTskI},
    note = {Online; accessed 26th April 2017},
    year = 2016
}

@misc{arch_virtual_oculus,
    author = {{Jon Brouchoud}},
    title = {{BIM Goes Virtual: Oculus Rift and virtual reality take architectural visualization to the next level}},
    url = {http://archvirtual.com/2014/01/19/bim-goes-virtual-oculus-rift-and-virtual-reality-take-architectural-visualization-to-the-next-level/},
    note = {Online; accessed 26th April 2017},
    year = 2014
}